<?xml version="1.0" encoding="UTF-8"?><record xmlns="http://www.loc.gov/MARC21/slim" xmlns:cinclude="http://apache.org/cocoon/include/1.0" xmlns:zs="http://www.loc.gov/zing/srw/">
  <leader>00864cz  a2200229n  4500</leader>
  <controlfield tag="001">nr 88000732 </controlfield>
  <controlfield tag="003">DLC</controlfield>
  <controlfield tag="005">20091013145616.0</controlfield>
  <controlfield tag="008">880209n| acannaabn          |b aaa     c</controlfield>
  <datafield tag="010" ind1=" " ind2=" ">
    <subfield code="a">nr 88000732 </subfield>
  </datafield>
  <datafield tag="035" ind1=" " ind2=" ">
    <subfield code="a">(OCoLC)oca02313175</subfield>
  </datafield>
  <datafield tag="040" ind1=" " ind2=" ">
    <subfield code="a">CtY</subfield>
    <subfield code="b">eng</subfield>
    <subfield code="c">CtY</subfield>
    <subfield code="d">DLC-R</subfield>
    <subfield code="d">OCoLC</subfield>
    <subfield code="d">InU</subfield>
  </datafield>
  <datafield tag="100" ind1="1" ind2=" ">
    <subfield code="a">Watanabe, Shinʼichirō,</subfield>
    <subfield code="d">1949-</subfield>
  </datafield>
  <datafield tag="400" ind1="1" ind2=" ">
    <subfield code="a">渡辺信一郎,</subfield>
    <subfield code="d">1949-</subfield>
  </datafield>
  <datafield tag="400" ind1="1" ind2=" ">
    <subfield code="a">渡辺新一郎,</subfield>
    <subfield code="d">1949-</subfield>
  </datafield>
  <datafield tag="400" ind1="1" ind2=" ">
    <subfield code="a">渡邉信一郎,</subfield>
    <subfield code="d">1949-</subfield>
  </datafield>
  <datafield tag="400" ind1="1" ind2=" ">
    <subfield code="a">渡邊新一郎,</subfield>
    <subfield code="d">1949-</subfield>
  </datafield>
  <datafield tag="400" ind1="1" ind2=" ">
    <subfield code="a">Dubian, Xinyilang,</subfield>
    <subfield code="d">1949-</subfield>
  </datafield>
  <datafield tag="667" ind1=" " ind2=" ">
    <subfield code="a">Machine-derived non-Latin script reference project.</subfield>
  </datafield>
  <datafield tag="667" ind1=" " ind2=" ">
    <subfield code="a">Non-Latin script references not evaluated.</subfield>
  </datafield>
  <datafield tag="670" ind1=" " ind2=" ">
    <subfield code="a">His Chūgoku kodai shakairon, 1986:</subfield>
    <subfield code="b">t.p. (Watanabe Shinʼichirō) colophon (r; b. 1949)</subfield>
  </datafield>
  <datafield tag="670" ind1=" " ind2=" ">
    <subfield code="a">Zhongguo gu dai de wang quan yu tian xia zhi, 2008:</subfield>
    <subfield code="b">(渡边信一郎 = Dubian Xinyilang [chi rom.])</subfield>
  </datafield>
</record>